<?xml version="1.0" encoding="UTF-8"?><collection xmlns="http://www.loc.gov/MARC21/slim"><record><leader>00488nam--2200145-i-4500</leader><controlfield tag="001">000003691</controlfield><controlfield tag="002">20161230</controlfield><controlfield tag="005">20170122001405</controlfield><controlfield tag="008">060222s1000------------r-----000-0-eng-d</controlfield><datafield ind1=" " ind2=" " tag="100"><subfield code="a">Vaucouleurs, Gerard De</subfield></datafield><datafield ind1=" " ind2=" " tag="245"><subfield code="a">La conquete de l energie atomique I. Des rayons uraniques a la scission de uranium (1896-1940) II. De la scission ... a la bombe atomique (1940-1945)</subfield></datafield><datafield ind1=" " ind2=" " tag="260"><subfield code="a">Paris</subfield><subfield code="b">Herman</subfield><subfield code="c">1946</subfield></datafield><datafield ind1=" " ind2=" " tag="300"><subfield code="a">114 p</subfield></datafield><datafield ind1=" " ind2=" " tag="490"><subfield code="a">Actualites Scint 1000</subfield></datafield><datafield ind1=" " ind2=" " tag="CAT"><subfield code="a">SYS</subfield><subfield code="c">20170122</subfield><subfield code="h">001405</subfield></datafield></record></collection>